
<record>
  <controlfield tag="001">1090057</controlfield>
  <datafield tag="024" ind1="7" ind2=" ">
    <subfield code="2">DOI</subfield>
    <subfield code="a">10.1007/JHEP05(2012)059</subfield>
  </datafield>
  <datafield tag="035" ind1=" " ind2=" ">
    <subfield code="9">SPIRESTeX</subfield>
    <subfield code="a">ATLAS:2012aa</subfield>
  </datafield>
  <datafield tag="035" ind1=" " ind2=" ">
    <subfield code="9">CDS</subfield>
    <subfield code="a">1426582</subfield>
  </datafield>
  <datafield tag="035" ind1=" " ind2=" ">
    <subfield code="9">arXiv</subfield>
    <subfield code="a">oai:arXiv.org:1202.4892</subfield>
  </datafield>
  <datafield tag="035" ind1=" " ind2=" ">
    <subfield code="a">2012JHEP...05..059A</subfield>
    <subfield code="9">ADS</subfield>
  </datafield>
  <datafield tag="035" ind1=" " ind2=" ">
    <subfield code="a">in2p3-00682070</subfield>
    <subfield code="9">HAL</subfield>
  </datafield>
  <datafield tag="037" ind1=" " ind2=" ">
    <subfield code="a">CERN-PH-EP-2011-223</subfield>
  </datafield>
  <datafield tag="037" ind1=" " ind2=" ">
    <subfield code="9">arXiv</subfield>
    <subfield code="a">arXiv:1202.4892</subfield>
    <subfield code="c">hep-ex</subfield>
  </datafield>
  <datafield tag="245" ind1=" " ind2=" ">
    <subfield code="a">Measurement of the cross section for top-quark pair production in $pp$ collisions at $\sqrt{s}=7$ TeV with the ATLAS detector using final states with two high-pt leptons</subfield>
  </datafield>
  <datafield tag="710" ind1=" " ind2=" ">
    <subfield code="g">ATLAS</subfield>
  </datafield>
</record>